<record><leader>00000cas a22000007a 4500</leader><controlfield tag="001">19689252</controlfield><controlfield tag="008">890510d191519uulaudn ne      0    0eng d</controlfield><datafield ind1=" " ind2=" " tag="010"><subfield code="a">sn 89059208 </subfield></datafield><datafield ind1=" " ind2=" " tag="040"><subfield code="a">LNP</subfield><subfield code="b">eng</subfield><subfield code="c">LNP</subfield><subfield code="d">OCLCQ</subfield></datafield><datafield ind1=" " ind2=" " tag="042"><subfield code="a">msc</subfield></datafield><datafield ind1="0" ind2=" " tag="130"><subfield code="a">Daily commercial (Monroe, La.)</subfield></datafield><datafield ind1="1" ind2="4" tag="245"><subfield code="a">The daily commercial.</subfield></datafield><datafield ind1=" " ind2=" " tag="260"><subfield code="a">Monroe, La. :</subfield><subfield code="b">Commercial Print. Co.</subfield></datafield><datafield ind1=" " ind2=" " tag="300"><subfield code="a">v.</subfield></datafield><datafield ind1=" " ind2=" " tag="310"><subfield code="a">Daily (except Mon.)</subfield></datafield><datafield ind1="1" ind2=" " tag="362"><subfield code="a">Began in 1915?</subfield></datafield><datafield ind1=" " ind2=" " tag="588"><subfield code="a">Description based on: Vol. 1, no. 88 (June 10, 1915).</subfield></datafield><datafield ind1=" " ind2=" " tag="752"><subfield code="a">United States</subfield><subfield code="b">Louisiana</subfield><subfield code="c">Ouachita</subfield><subfield code="d">Monroe.</subfield></datafield></record>